@article{InfoFlowML,
    author = "Fran\c{c}ois Pottier and Vincent Simonet",
    title = "Information Flow Inference for {ML}",
    journal = toplas,
    volume = 25,
    number = 1,
    month = jan,
    year = 2003
}

