@article{InfoFlowML,
    author = "Fran\c{c}ois Pottier and Vincent Simonet",
    title = "Information Flow Inference for {ML}",
    journal = toplas,
    volume = 25,
    number = 1,
    month = jan,
    year = 2003
}

@book{necula2002proof,
  title={Proof-carrying code. design and implementation},
  author={Necula, George C},
  year={2002},
  publisher={Springer}
}

@article{necula1998design,
  title={The design and implementation of a certifying compiler},
  author={Necula, George C and Lee, Peter},
  journal={ACM SIGPLAN Notices},
  volume={33},
  number={5},
  pages={333--344},
  year={1998},
  publisher={ACM}
}

@inproceedings{leinenbach2005towards,
  title={Towards the formal verification of a C0 compiler: Code generation and implementation correctness},
  author={Leinenbach, Dirk and Paul, Wolfgang and Petrova, Elena},
  booktitle={Software Engineering and Formal Methods, 2005. SEFM 2005. Third IEEE International Conference on},
  pages={2--11},
  year={2005},
  organization={IEEE}
}

@incollection{strecker2002formal,
  title={Formal verification of a Java compiler in Isabelle},
  author={Strecker, Martin},
  booktitle={Automated Deductionâ€”CADE-18},
  pages={63--77},
  year={2002},
  publisher={Springer}
}

@article{berghofer2004extracting,
  title={Extracting a formally verified, fully executable compiler from a proof assistant},
  author={Berghofer, Stefan and Strecker, Martin},
  journal={Electronic Notes in Theoretical Computer Science},
  volume={82},
  number={2},
  pages={377--394},
  year={2004},
  publisher={Elsevier}
}

@inproceedings{chlipala2010verified,
  title={A verified compiler for an impure functional language},
  author={Chlipala, Adam},
  booktitle={ACM Sigplan Notices},
  volume={45},
  number={1},
  pages={93--106},
  year={2010},
  organization={ACM}
}

@incollection{okuma2003executing,
  title={Executing verified compiler specification},
  author={Okuma, Koji and Minamide, Yasuhiko},
  booktitle={Programming Languages and Systems},
  pages={178--194},
  year={2003},
  publisher={Springer}
}


COMMENT={There's a lot of stuff on verified compilers out of CompCert, none of which are a comprehensive overview of building a verified compiler.  I'm hoping to find a survey in this area somewhere, but right now I'm listing everything. }

@misc{leroy2012compcert,
  title={The CompCert C Verified Compiler},
  author={Leroy, Xavier},
  year={2012},
  publisher={CompCert}
}


@article{leroy2009formal,
  title={Formal verification of a realistic compiler},
  author={Leroy, Xavier},
  journal={Communications of the ACM},
  volume={52},
  number={7},
  pages={107--115},
  year={2009},
  publisher={ACM}
}

@inproceedings{leroy2006formal,
  title={Formal certification of a compiler back-end or: programming a compiler with a proof assistant},
  author={Leroy, Xavier},
  booktitle={ACM SIGPLAN Notices},
  volume={41},
  number={1},
  pages={42--54},
  year={2006},
  organization={ACM}
}

@article{leroy2009formally,
  title={A formally verified compiler back-end},
  author={Leroy, Xavier},
  journal={Journal of Automated Reasoning},
  volume={43},
  number={4},
  pages={363--446},
  year={2009},
  publisher={Springer}
}


COMMENT={this is a bibliography, which is better than nothing...}

@article{dave2003compiler,
  title={Compiler verification: a bibliography},
  author={Dave, Maulik A},
  journal={ACM SIGSOFT Software Engineering Notes},
  volume={28},
  number={6},
  pages={2--2},
  year={2003},
  publisher={ACM}
}

COMMENT={and these are the information flow articles.  I'm not citing anything past 2003 because we're targeting a 2003-era language.}

@article{sabelfeld2003language,
  title={Language-based information-flow security},
  author={Sabelfeld, Andrei and Myers, Andrew C},
  journal={Selected Areas in Communications, IEEE Journal on},
  volume={21},
  number={1},
  pages={5--19},
  year={2003},
  publisher={IEEE}
}

@inproceedings{liu2009fabric,
  title={Fabric: A platform for secure distributed computation and storage},
  author={Liu, Jed and George, Michael D and Vikram, Krishnaprasad and Qi, Xin and Waye, Lucas and Myers, Andrew C},
  booktitle={Proceedings of the ACM SIGOPS 22nd symposium on Operating systems principles},
  pages={321--334},
  year={2009},
  organization={ACM}
}

@article{myers2000protecting,
  title={Protecting privacy using the decentralized label model},
  author={Myers, Andrew C and Liskov, Barbara},
  journal={ACM Transactions on Software Engineering and Methodology (TOSEM)},
  volume={9},
  number={4},
  pages={410--442},
  year={2000},
  publisher={ACM}
}


@inproceedings{myers1999jflow,
  title={JFlow: Practical mostly-static information flow control},
  author={Myers, Andrew C},
  booktitle={Proceedings of the 26th ACM SIGPLAN-SIGACT symposium on Principles of programming languages},
  pages={228--241},
  year={1999},
  organization={ACM}
}


@inproceedings{smith2001new,
  title={A New Type System for Secure Information Flow.},
  author={Smith, Geoffrey and others},
  booktitle={csfw},
  volume={1},
  pages={4},
  year={2001},
  organization={Citeseer}
}

@article{volpano1996sound,
  title={A sound type system for secure flow analysis},
  author={Volpano, Dennis and Irvine, Cynthia and Smith, Geoffrey},
  journal={Journal of computer security},
  volume={4},
  number={2},
  pages={167--187},
  year={1996},
  publisher={IOS Press}
}

@book{palsberg1995trust,
  title={Trust in the $\lambda$-calculus},
  author={Palsberg, Jens and {\O}rb, Peter and others},
  year={1995},
  publisher={Springer}
}

@article{denning1976lattice,
  title={A lattice model of secure information flow},
  author={Denning, Dorothy E},
  journal={Communications of the ACM},
  volume={19},
  number={5},
  pages={236--243},
  year={1976},
  publisher={ACM}
}


COMMENT={and here are the flowcaml papers}

@inproceedings{simonet2003flow,
  title={Flow Caml in a nutshell},
  author={Simonet, Vincent and Rocquencourt, Inria},
  booktitle={Proceedings of the first APPSEM-II workshop},
  pages={152--165},
  year={2003},
  organization={Nottingham, United Kingdom}
}

@article{simonet2003flowmanual,
  title={The Flow Caml System: documentation and user's manual},
  author={Simonet, Vincent},
  year={2003}
}

COMMENT={Let's list some coq}

@book{coqart,
	title={Interactive Theorem Proving and Program Development: Coq'Art: the Calculus of Inductive Constructions},
	author={Bertot, Yves and Cast{\'e}ran, Pierre},
	year={2004},
	publisher={springer}
} 

@article{nuprl,
  title={The Nuprl Proof Development System, Version 4.2 Reference Manual and User's Guide},
  author={Jackson, Paul},
  year={1996}
}

COMMENT={Compiling with Continuations}

@book{appel2007compiling,
	title={Compiling with Continuations},
	author={Appel, Andrew W},
	year={2007},
	publisher={Cambridge University Press}
}

@book{Pierce:SF,
  author = {Benjamin C. Pierce and Chris Casinghino and Marco Gaboardi and
                  Michael Greenberg and C\v{a}t\v{a}lin Hri\c{t}cu 
                  and Vilhelm Sjoberg and Brent Yorgey},
  title = {Software Foundations},
  year = {2013},
  publisher = {Electronic textbook},
  plclub = {Yes},
  bcp = {Yes},
  keys = {poplmark,books},
  ebook = {http://www.cis.upenn.edu/~bcpierce/sf},
  japanese = {http://proofcafe.org/sf}
}

@inproceedings{arden2012sharing,
  title={Sharing Mobile Code Securely with Information Flow Control},
  author={Arden, Owen and George, Michael D and Liu, Jed and Vikram, K and Askarov, Aslan and Myers, Andrew C},
  booktitle={Security and Privacy (SP), 2012 IEEE Symposium on},
  pages={191--205},
  year={2012},
  organization={IEEE}
}
